@article{want2003,
author = {Want, Stephen and Pascalis, Olivier and Coleman, Mike and Blades, Mark},
year = {2003},
month = {03},
pages = {125 - 135},
title = {Recognizing people from the inner or outer parts of their faces: Developmental data concerning ‘unfamiliar’ faces},
volume = {21},
journal = {British Journal of Developmental Psychology},
doi = {10.1348/026151003321164663}
}

@inproceedings{stylegan2,
  title={Analyzing and improving the image quality of stylegan},
  author={Karras, Tero and Laine, Samuli and Aittala, Miika and Hellsten, Janne and Lehtinen, Jaakko and Aila, Timo},
  booktitle={Proceedings of the IEEE/CVF conference on computer vision and pattern recognition},
  pages={8110--8119},
  year={2020}
}
